@article{ref1,
author = {Streit, Mark and Price, Carey and Gratton, Bob},
doi = {10.XXXX/XXXXXXXX},
journal = {Journal 1},
number = {NN},
pages = {PP},
title = {Title},
url = {url},
volume = {VV},
year = {YYYY}
}
